<?xml version="1.0" encoding="UTF-8"?>
<OAI-PMH xmlns="http://www.openarchives.org/OAI/2.0/"
         xmlns:xsi="http://www.w3.org/2001/XMLSchema-instance"
         xsi:schemaLocation="http://www.openarchives.org/OAI/2.0/
         http://www.openarchives.org/OAI/2.0/OAI-PMH.xsd">
  <responseDate>2024-09-19T20:08:54.468130932Z</responseDate>
  <request verb="GetRecord">http://mnlink-prod-okapi.folio-us-east-1-1.reshare.indexdata.com/reservoir/oai?verb=GetRecord&amp;identifier=3aa73fef-09fd-4f71-9246-ec0e50d35ef4</request>
  <GetRecord>
    <record>
      <header>
        <identifier>oai:3aa73fef-09fd-4f71-9246-ec0e50d35ef4</identifier>
        <datestamp>2024-04-24T21:44:47Z</datestamp>
        <setSpec>goldrush</setSpec>
      </header>
    <metadata>
<record xmlns="http://www.loc.gov/MARC21/slim">
  <leader>05095cam a2200829 i 4500</leader>
  <controlfield tag="001">3aa73fef-09fd-4f71-9246-ec0e50d35ef4</controlfield>
  <controlfield tag="005">20240919000000.0</controlfield>
  <controlfield tag="008">130328t20142014caua     b    001 0 eng  </controlfield>
  <datafield tag="010" ind1=" " ind2=" ">
    <subfield code="a">  2013008876</subfield>
  </datafield>
  <datafield tag="015" ind1=" " ind2=" ">
    <subfield code="a">GBB339317</subfield>
    <subfield code="2">bnb</subfield>
  </datafield>
  <datafield tag="016" ind1="7" ind2=" ">
    <subfield code="a">016321337</subfield>
    <subfield code="2">Uk</subfield>
  </datafield>
  <datafield tag="019" ind1=" " ind2=" ">
    <subfield code="a">870525282</subfield>
    <subfield code="a">907471440</subfield>
    <subfield code="a">1165420346</subfield>
    <subfield code="a">1170959138</subfield>
  </datafield>
  <datafield tag="020" ind1=" " ind2=" ">
    <subfield code="a">1452242569</subfield>
    <subfield code="q">(pbk. ;</subfield>
    <subfield code="q">alk. paper)</subfield>
  </datafield>
  <datafield tag="020" ind1=" " ind2=" ">
    <subfield code="a">9781452242569</subfield>
    <subfield code="q">(pbk. ;</subfield>
    <subfield code="q">alk. paper)</subfield>
  </datafield>
  <datafield tag="020" ind1=" " ind2=" ">
    <subfield code="z">1483302008</subfield>
    <subfield code="q">(web pdf)</subfield>
  </datafield>
  <datafield tag="020" ind1=" " ind2=" ">
    <subfield code="z">9781483302003</subfield>
    <subfield code="q">(web pdf)</subfield>
  </datafield>
  <datafield tag="035" ind1=" " ind2=" ">
    <subfield code="a">(OCoLC)835951262</subfield>
    <subfield code="z">(OCoLC)870525282</subfield>
    <subfield code="z">(OCoLC)907471440</subfield>
    <subfield code="z">(OCoLC)1165420346</subfield>
    <subfield code="z">(OCoLC)1170959138</subfield>
  </datafield>
  <datafield tag="035" ind1=" " ind2=" ">
    <subfield code="a">(OCoLC)ocn835951262</subfield>
  </datafield>
  <datafield tag="035" ind1=" " ind2=" ">
    <subfield code="a">(EXLNZ-01MNPALS_NETWORK)9910083428404266</subfield>
  </datafield>
  <datafield tag="040" ind1=" " ind2=" ">
    <subfield code="a">DLC</subfield>
    <subfield code="b">eng</subfield>
    <subfield code="e">rda</subfield>
    <subfield code="c">DLC</subfield>
    <subfield code="d">TTU</subfield>
    <subfield code="d">CUZ</subfield>
    <subfield code="d">YDXCP</subfield>
    <subfield code="d">CDX</subfield>
    <subfield code="d">IUL</subfield>
    <subfield code="d">UKMGB</subfield>
    <subfield code="d">VET</subfield>
    <subfield code="d">ZCU</subfield>
    <subfield code="d">OCLCF</subfield>
    <subfield code="d">HEBIS</subfield>
    <subfield code="d">VRC</subfield>
    <subfield code="d">A7U</subfield>
    <subfield code="d">BEDGE</subfield>
    <subfield code="d">OCLCO</subfield>
    <subfield code="d">OCLCQ</subfield>
    <subfield code="d">OCLCO</subfield>
    <subfield code="d">NLTUD</subfield>
    <subfield code="d">OCL</subfield>
    <subfield code="d">OCLCO</subfield>
    <subfield code="d">OCL</subfield>
    <subfield code="d">OCLCO</subfield>
    <subfield code="d">IAY</subfield>
    <subfield code="d">NZHMA</subfield>
    <subfield code="d">HOO</subfield>
    <subfield code="d">OCLCO</subfield>
    <subfield code="d">YOU</subfield>
    <subfield code="d">OCLCO</subfield>
    <subfield code="d">DGU</subfield>
    <subfield code="d">OCLCO</subfield>
    <subfield code="d">Z5A</subfield>
    <subfield code="d">OCLCO</subfield>
    <subfield code="d">IPL</subfield>
    <subfield code="d">LNT</subfield>
    <subfield code="d">OCLCO</subfield>
    <subfield code="d">PIFME</subfield>
    <subfield code="d">OCLCO</subfield>
    <subfield code="d">MMV</subfield>
    <subfield code="d">OCLCO</subfield>
    <subfield code="d">JF0</subfield>
    <subfield code="d">OCLCO</subfield>
    <subfield code="d">SHS</subfield>
    <subfield code="d">VGM</subfield>
    <subfield code="d">OCLCO</subfield>
    <subfield code="d">NJK</subfield>
    <subfield code="d">OCLCO</subfield>
    <subfield code="d">QE2</subfield>
    <subfield code="d">OCLCO</subfield>
    <subfield code="d">UCW</subfield>
    <subfield code="d">OCLCQ</subfield>
    <subfield code="d">JE1</subfield>
    <subfield code="d">ICG</subfield>
    <subfield code="d">OCLCA</subfield>
    <subfield code="d">OCL</subfield>
    <subfield code="d">OCLCO</subfield>
    <subfield code="d">DHA</subfield>
    <subfield code="d">UKSAE</subfield>
    <subfield code="d">OCLCO</subfield>
    <subfield code="d">BUF</subfield>
    <subfield code="d">OCLCO</subfield>
    <subfield code="d">OCLCQ</subfield>
    <subfield code="d">CUY</subfield>
    <subfield code="d">OCLCO</subfield>
    <subfield code="d">UKRCN</subfield>
    <subfield code="d">KIJ</subfield>
    <subfield code="d">APUMS</subfield>
    <subfield code="d">CNCGM</subfield>
    <subfield code="d">VMW</subfield>
    <subfield code="d">EZ9</subfield>
    <subfield code="d">VTU</subfield>
    <subfield code="d">OCLCO</subfield>
    <subfield code="d">LND</subfield>
    <subfield code="d">OCLCQ</subfield>
    <subfield code="d">TFW</subfield>
    <subfield code="d">OCLCO</subfield>
    <subfield code="d">WRM</subfield>
    <subfield code="d">OCLCO</subfield>
    <subfield code="d">GILDS</subfield>
    <subfield code="d">OCLCO</subfield>
    <subfield code="d">V5E</subfield>
    <subfield code="d">OCLCO</subfield>
    <subfield code="d">CRU</subfield>
    <subfield code="d">CPS</subfield>
    <subfield code="d">OCLCO</subfield>
    <subfield code="d">OCLCQ</subfield>
    <subfield code="d">OCLCO</subfield>
    <subfield code="d">AU@</subfield>
    <subfield code="d">OCLCO</subfield>
    <subfield code="d">OCLCQ</subfield>
    <subfield code="d">OCLCO</subfield>
    <subfield code="d">UKUOY</subfield>
    <subfield code="d">HUELT</subfield>
    <subfield code="d">OCLCO</subfield>
    <subfield code="d">OCLCQ</subfield>
    <subfield code="d">OCLCO</subfield>
    <subfield code="d">OCLCA</subfield>
    <subfield code="d">OCLCQ</subfield>
    <subfield code="d">NLGGC</subfield>
    <subfield code="d">CNNAI</subfield>
    <subfield code="d">NZAUC</subfield>
    <subfield code="d">QGE</subfield>
    <subfield code="d">OCL</subfield>
    <subfield code="d">ORE</subfield>
    <subfield code="d">IL4J6</subfield>
    <subfield code="d">OCLCO</subfield>
    <subfield code="d">AEUWD</subfield>
  </datafield>
  <datafield tag="042" ind1=" " ind2=" ">
    <subfield code="a">pcc</subfield>
  </datafield>
  <datafield tag="049" ind1=" " ind2=" ">
    <subfield code="a">MNMA</subfield>
  </datafield>
  <datafield tag="050" ind1="0" ind2="0">
    <subfield code="a">H62</subfield>
    <subfield code="b">.Y56 2014</subfield>
  </datafield>
  <datafield tag="060" ind1="0" ind2="0">
    <subfield code="a">W20.5 (Y)</subfield>
  </datafield>
  <datafield tag="080" ind1=" " ind2=" ">
    <subfield code="a">001.891</subfield>
    <subfield code="b">Y56</subfield>
  </datafield>
  <datafield tag="080" ind1=" " ind2=" ">
    <subfield code="a">303.01</subfield>
  </datafield>
  <datafield tag="080" ind1=" " ind2=" ">
    <subfield code="a">301.03</subfield>
  </datafield>
  <datafield tag="082" ind1="0" ind2="0">
    <subfield code="a">300.72/2</subfield>
    <subfield code="2">23</subfield>
  </datafield>
  <datafield tag="084" ind1=" " ind2=" ">
    <subfield code="a">70.03</subfield>
    <subfield code="2">bcl</subfield>
  </datafield>
  <datafield tag="100" ind1="1" ind2=" ">
    <subfield code="a">Yin, Robert K.</subfield>
    <subfield code="e">author.</subfield>
  </datafield>
  <datafield tag="245" ind1="1" ind2="0">
    <subfield code="a">Case study research :</subfield>
    <subfield code="b">design and methods /</subfield>
    <subfield code="c">Robert K. Yin, COSMOS Corporation.</subfield>
  </datafield>
  <datafield tag="250" ind1=" " ind2=" ">
    <subfield code="a">5 edition.</subfield>
  </datafield>
  <datafield tag="264" ind1=" " ind2="1">
    <subfield code="a">Thousand Oaks, California :</subfield>
    <subfield code="b">SAGE,</subfield>
    <subfield code="c">[2014]</subfield>
  </datafield>
  <datafield tag="264" ind1=" " ind2="4">
    <subfield code="c">&#xa9;2014</subfield>
  </datafield>
  <datafield tag="300" ind1=" " ind2=" ">
    <subfield code="a">xxviii, 282 pages :</subfield>
    <subfield code="b">illustrations ;</subfield>
    <subfield code="c">23 cm</subfield>
  </datafield>
  <datafield tag="336" ind1=" " ind2=" ">
    <subfield code="a">text</subfield>
    <subfield code="b">txt</subfield>
    <subfield code="2">rdacontent</subfield>
  </datafield>
  <datafield tag="337" ind1=" " ind2=" ">
    <subfield code="a">unmediated</subfield>
    <subfield code="b">n</subfield>
    <subfield code="2">rdamedia</subfield>
  </datafield>
  <datafield tag="338" ind1=" " ind2=" ">
    <subfield code="a">volume</subfield>
    <subfield code="b">nc</subfield>
    <subfield code="2">rdacarrier</subfield>
  </datafield>
  <datafield tag="504" ind1=" " ind2=" ">
    <subfield code="a">Includes bibliographical references (pages 243-257) and index.</subfield>
  </datafield>
  <datafield tag="505" ind1="0" ind2=" ">
    <subfield code="a">Getting started : how to know whether and when to use the case study as a research method -- Designing case studies : identifying your case(s) and establishing the logic of your case study -- Preparing to collect case study evidence : what you need to do before starting to collect case study data -- Collecting case study evidence : the principles you should follow in working with six sources of evidence -- Analyzing case study evidence : how to start your analysis, your analytic choices, and how they work -- Reporting case studies : how and what to compose -- Appendix A.A note on the uses of case study research in psychology -- Appendix B.A note on the uses of case study research in evaluations -- Appendix C. Index of individual case studies (cited in BOXES or from expanded case study materials).</subfield>
  </datafield>
  <datafield tag="520" ind1=" " ind2=" ">
    <subfield code="a">Providing a complete portal to the world of case study research, the Fifth Edition of Robert K. Yin&apos;s bestselling text offers comprehensive coverage of the design and use of the case study method as a valid research tool. The book offers a clear definition of the case study method as well as discussion of design and analysis techniques. The Fifth Edition has been updated with nine new case studies, three new appendices, seven tutorials presented at the end of relevant chapters, increased coverage of values and ethics, expanded discussion on logic models, a brief glossary, and completely updated citations. This book includes exemplary case studies drawn from a wide variety of academic fields.</subfield>
  </datafield>
  <datafield tag="583" ind1="1" ind2=" ">
    <subfield code="a">Self-Renewing</subfield>
    <subfield code="c">2017</subfield>
    <subfield code="5">UoY</subfield>
  </datafield>
  <datafield tag="650" ind1=" " ind2="0">
    <subfield code="a">Case method.</subfield>
  </datafield>
  <datafield tag="650" ind1=" " ind2="0">
    <subfield code="a">Social sciences</subfield>
    <subfield code="x">Research</subfield>
    <subfield code="x">Methodology.</subfield>
  </datafield>
  <datafield tag="650" ind1=" " ind2="0">
    <subfield code="a">Social sciences.</subfield>
  </datafield>
  <datafield tag="650" ind1=" " ind2="0">
    <subfield code="a">Methodology.</subfield>
  </datafield>
  <datafield tag="650" ind1="1" ind2="2">
    <subfield code="a">Social Sciences.</subfield>
  </datafield>
  <datafield tag="650" ind1="1" ind2="2">
    <subfield code="a">Research Design.</subfield>
  </datafield>
  <datafield tag="650" ind1=" " ind2="7">
    <subfield code="a">Etudes de cas.</subfield>
    <subfield code="2">eclas</subfield>
  </datafield>
  <datafield tag="650" ind1=" " ind2="7">
    <subfield code="a">Sciences sociales.</subfield>
    <subfield code="2">eclas</subfield>
  </datafield>
  <datafield tag="650" ind1=" " ind2="7">
    <subfield code="a">Me&#x301;thodologie.</subfield>
    <subfield code="2">eclas</subfield>
  </datafield>
  <datafield tag="650" ind1=" " ind2="7">
    <subfield code="a">Me&#x301;thodes de recherche.</subfield>
    <subfield code="2">eclas</subfield>
  </datafield>
  <datafield tag="650" ind1=" " ind2="7">
    <subfield code="a">Manuels.</subfield>
    <subfield code="2">eclas</subfield>
  </datafield>
  <datafield tag="650" ind1=" " ind2="7">
    <subfield code="a">Social sciences</subfield>
    <subfield code="x">Research</subfield>
    <subfield code="x">Methodology.</subfield>
    <subfield code="2">fast</subfield>
    <subfield code="0">(OCoLC)fst01122961</subfield>
  </datafield>
  <datafield tag="650" ind1=" " ind2="7">
    <subfield code="a">Social sciences.</subfield>
    <subfield code="2">fast</subfield>
    <subfield code="0">(OCoLC)fst01122877</subfield>
  </datafield>
  <datafield tag="650" ind1=" " ind2="7">
    <subfield code="a">Methodology.</subfield>
    <subfield code="2">fast</subfield>
    <subfield code="0">(OCoLC)fst01018722</subfield>
  </datafield>
  <datafield tag="650" ind1=" " ind2="7">
    <subfield code="a">Case method.</subfield>
    <subfield code="2">fast</subfield>
    <subfield code="0">(OCoLC)fst00848153</subfield>
  </datafield>
  <datafield tag="650" ind1=" " ind2="7">
    <subfield code="a">Sozialwissenschaften</subfield>
    <subfield code="2">gnd</subfield>
  </datafield>
  <datafield tag="650" ind1=" " ind2="7">
    <subfield code="a">Empirische Sozialforschung</subfield>
    <subfield code="2">gnd</subfield>
  </datafield>
  <datafield tag="650" ind1=" " ind2="7">
    <subfield code="a">Fallmethode</subfield>
    <subfield code="2">gnd</subfield>
  </datafield>
  <datafield tag="650" ind1="1" ind2="7">
    <subfield code="a">Casestudies.</subfield>
    <subfield code="2">gtt</subfield>
    <subfield code="0">(NL-LeOCL)078465257</subfield>
  </datafield>
  <datafield tag="650" ind1="1" ind2="7">
    <subfield code="a">Methodologie.</subfield>
    <subfield code="2">gtt</subfield>
    <subfield code="0">(NL-LeOCL)078589479</subfield>
  </datafield>
  <datafield tag="650" ind1="1" ind2="7">
    <subfield code="a">Onderzoeksmethoden.</subfield>
    <subfield code="2">gtt</subfield>
    <subfield code="0">(NL-LeOCL)078610664</subfield>
  </datafield>
  <datafield tag="650" ind1=" " ind2="7">
    <subfield code="a">Case method.</subfield>
    <subfield code="2">nli</subfield>
  </datafield>
  <datafield tag="650" ind1=" " ind2="7">
    <subfield code="a">Social sciences</subfield>
    <subfield code="x">Research</subfield>
    <subfield code="x">Methodology.</subfield>
    <subfield code="2">nli</subfield>
  </datafield>
  <datafield tag="650" ind1=" " ind2="7">
    <subfield code="a">Case method.</subfield>
    <subfield code="2">sears</subfield>
  </datafield>
  <datafield tag="650" ind1=" " ind2="7">
    <subfield code="a">Social Sciences</subfield>
    <subfield code="x">methods.</subfield>
    <subfield code="2">sears</subfield>
  </datafield>
  <datafield tag="650" ind1=" " ind2="7">
    <subfield code="a">Research Design.</subfield>
    <subfield code="2">sears</subfield>
  </datafield>
  <datafield tag="776" ind1="0" ind2="8">
    <subfield code="i">Online version:</subfield>
    <subfield code="a">Yin, Robert K.</subfield>
    <subfield code="t">Case study research.</subfield>
    <subfield code="b">Fifth edition</subfield>
    <subfield code="w">(OCoLC)1085907874</subfield>
  </datafield>
  <datafield tag="999" ind1="1" ind2="0">
    <subfield code="i">3aa73fef-09fd-4f71-9246-ec0e50d35ef4</subfield>
    <subfield code="l">990089549990104301</subfield>
    <subfield code="s">US-MNMANS</subfield>
    <subfield code="m">case_study_researchdesign_and_methods______________________________________2014____5__sage_a________________________________________yin__robert_k______________________p</subfield>
  </datafield>
  <datafield tag="999" ind1="1" ind2="0">
    <subfield code="i">3aa73fef-09fd-4f71-9246-ec0e50d35ef4</subfield>
    <subfield code="l">991001267209703686</subfield>
    <subfield code="s">US-MNSB</subfield>
    <subfield code="m">case_study_researchdesign_and_methods______________________________________2014____5__sage_a________________________________________yin__robert_k______________________p</subfield>
  </datafield>
  <datafield tag="999" ind1="1" ind2="0">
    <subfield code="i">3aa73fef-09fd-4f71-9246-ec0e50d35ef4</subfield>
    <subfield code="l">991002126009703688</subfield>
    <subfield code="s">US-MNSH</subfield>
    <subfield code="m">case_study_researchdesign_and_methods______________________________________2014____5__sage_a________________________________________yin__robert_k______________________p</subfield>
  </datafield>
  <datafield tag="999" ind1="1" ind2="0">
    <subfield code="i">3aa73fef-09fd-4f71-9246-ec0e50d35ef4</subfield>
    <subfield code="l">991002263089703689</subfield>
    <subfield code="s">US-MNSSC</subfield>
    <subfield code="m">case_study_researchdesign_and_methods______________________________________2014____5__sage_a________________________________________yin__robert_k______________________p</subfield>
  </datafield>
  <datafield tag="999" ind1="1" ind2="0">
    <subfield code="i">3aa73fef-09fd-4f71-9246-ec0e50d35ef4</subfield>
    <subfield code="l">9956011720001701</subfield>
    <subfield code="s">US-MNU</subfield>
    <subfield code="m">case_study_researchdesign_and_methods______________________________________2014____5__sage_a________________________________________yin__robert_k______________________p</subfield>
  </datafield>
  <datafield tag="999" ind1="1" ind2="0">
    <subfield code="i">3aa73fef-09fd-4f71-9246-ec0e50d35ef4</subfield>
    <subfield code="l">990076485420104321</subfield>
    <subfield code="s">US-MNWINOS</subfield>
    <subfield code="m">case_study_researchdesign_and_methods______________________________________2014____5__sage_a________________________________________yin__robert_k______________________p</subfield>
  </datafield>
  <datafield tag="999" ind1="1" ind2="1">
    <subfield code="l">990089549990104301</subfield>
    <subfield code="s">ISIL:US-MNMANS</subfield>
    <subfield code="i">Minnesota State University, Mankato</subfield>
    <subfield code="t">BKS</subfield>
    <subfield code="a">GEN</subfield>
    <subfield code="c">H62 .Y56 2014</subfield>
    <subfield code="b">30101023439896</subfield>
    <subfield code="x">BOOK</subfield>
    <subfield code="y">2385023940004301</subfield>
    <subfield code="p">LOANABLE</subfield>
  </datafield>
  <datafield tag="999" ind1="1" ind2="1">
    <subfield code="l">991001267209703686</subfield>
    <subfield code="s">ISIL:US-MNSB</subfield>
    <subfield code="i">Bethel University</subfield>
    <subfield code="t">BKS</subfield>
    <subfield code="a">reqonly</subfield>
    <subfield code="c">300.72/2</subfield>
    <subfield code="b">30513100638549</subfield>
    <subfield code="x">BOOK</subfield>
    <subfield code="y">2389065970003686</subfield>
    <subfield code="p">LOANABLE</subfield>
  </datafield>
  <datafield tag="999" ind1="1" ind2="1">
    <subfield code="l">991002126009703688</subfield>
    <subfield code="s">ISIL:US-MNSH</subfield>
    <subfield code="i">Hamline University</subfield>
    <subfield code="t">BKS</subfield>
    <subfield code="a">b</subfield>
    <subfield code="c">H62 .Y56 2014</subfield>
    <subfield code="b">30521021942957</subfield>
    <subfield code="x">BOOK</subfield>
    <subfield code="y">23142406710003688</subfield>
    <subfield code="p">LOANABLE</subfield>
  </datafield>
  <datafield tag="999" ind1="1" ind2="1">
    <subfield code="l">991002263089703689</subfield>
    <subfield code="s">ISIL:US-MNSSC</subfield>
    <subfield code="i">St. Catherine University</subfield>
    <subfield code="t">BKS</subfield>
    <subfield code="a">main</subfield>
    <subfield code="c">H62 .Y56 2014</subfield>
    <subfield code="b">30514021872969</subfield>
    <subfield code="x">BOOK</subfield>
    <subfield code="y">23103022190003689</subfield>
    <subfield code="p">LOANABLE</subfield>
  </datafield>
  <datafield tag="999" ind1="1" ind2="1">
    <subfield code="l">9956011720001701</subfield>
    <subfield code="s">ISIL:US-MNU</subfield>
    <subfield code="i">University of Minnesota</subfield>
    <subfield code="t">BKS</subfield>
    <subfield code="a">TWILSREF</subfield>
    <subfield code="c">H62 .Y56 2014</subfield>
    <subfield code="d">LCC</subfield>
    <subfield code="b">31951D034987372</subfield>
    <subfield code="x">BOOK</subfield>
    <subfield code="y">23490789080001701</subfield>
    <subfield code="p">UNLOANABLE</subfield>
  </datafield>
  <datafield tag="999" ind1="1" ind2="1">
    <subfield code="l">9956011720001701</subfield>
    <subfield code="s">ISIL:US-MNU</subfield>
    <subfield code="i">University of Minnesota</subfield>
    <subfield code="t">BKS</subfield>
    <subfield code="a">TLAWREF</subfield>
    <subfield code="c">H62 .Y56 2014</subfield>
    <subfield code="d">LCC</subfield>
    <subfield code="b">31951D038655002</subfield>
    <subfield code="x">BOOK</subfield>
    <subfield code="y">23647836950001701</subfield>
    <subfield code="p">UNLOANABLE</subfield>
  </datafield>
  <datafield tag="999" ind1="1" ind2="1">
    <subfield code="l">9956011720001701</subfield>
    <subfield code="s">ISIL:US-MNU</subfield>
    <subfield code="i">University of Minnesota</subfield>
    <subfield code="t">BKS</subfield>
    <subfield code="a">MBRIGREF</subfield>
    <subfield code="c">H62 .Y56 2014</subfield>
    <subfield code="d">LCC</subfield>
    <subfield code="b">31956004669921</subfield>
    <subfield code="x">BOOK</subfield>
    <subfield code="y">23619826110001701</subfield>
    <subfield code="p">UNLOANABLE</subfield>
  </datafield>
  <datafield tag="999" ind1="1" ind2="1">
    <subfield code="l">990076485420104321</subfield>
    <subfield code="s">ISIL:US-MNWINOS</subfield>
    <subfield code="i">Winona State University</subfield>
    <subfield code="t">BKS</subfield>
    <subfield code="a">MAIN</subfield>
    <subfield code="c">H62 .Y56 2014</subfield>
    <subfield code="b">30106005882609</subfield>
    <subfield code="x">BOOK</subfield>
    <subfield code="y">2342016430004321</subfield>
    <subfield code="p">LOANABLE</subfield>
  </datafield>
</record>
    </metadata>
    </record>
  </GetRecord>
</OAI-PMH>